@misc{ethereumStackexchange,
    title = {{Ethereum StackExchange} Private Info on Ethereum},
    howpublished =
    {\url{https://ethereum.stackexchange.com/questions/2624/private-info-on-ethereum}}
    note = {Accessed: 2017-08-16}
}

@misc{confidentialTransactions,
    title = {},
    howpublished =
    {\url{https://people.xiph.org/~greg/confidential_values.txt}}
    note = {Accessed: 2017-08-16}
}

@misc{bitcoinSmpc,
    title = {},
    howpublished =
    {\url{https://eprint.iacr.org/2013/784.pdf}}
    note = {Accessed: 2017-08-16}
}

@misc{spdz,
    title = {},
    howpublished =
    {\url{https://github.com/bristolcrypto/SPDZ-2}}
    note = {Accessed: 2017-08-16}
}

@misc{civic,
    title = {},
    howpublished =
    {\url{https://tokensale.civic.com/CivicTokenSaleWhitePaper.pdf}}
    note = {Accessed: 2017-08-16}
}

@misc{privacyOnTheBlockchain,
    title = {},
    howpublished =
    {\url{https://blog.ethereum.org/2016/01/15/privacy-on-the-blockchain/}}
    note = {Accessed: 2017-08-16}
}

@misc{bitcoinPrivacy,
    title = {},
    howpublished =
    {\url{https://www.coindesk.com/bitcoins-privacy-2016-threat-report/}}
    note = {Accessed: 2017-08-16}
}

@misc{coinparty,
    title = {},
    howpublished =
    {\url{https://www.comsys.rwth-aachen.de/fileadmin/papers/2015/2015-ziegeldorf-codaspy-coinparty.pdf}}
    note = {Accessed: 2017-08-16}
}

@misc{lightning,
    title = {},
    howpublished =
    {\url{https://lightning.network [ethereum-sharding] - https://github.com/ethereum/sharding}}
    note = {Accessed: 2017-08-16}
}

@misc{smpcWiki,
    title = {},
    howpublished =
    {\url{https://en.wikipedia.org/wiki/Secure_multi-party_computation#Definition_and_overview}}
    note = {Accessed: 2017-08-16}
}

@misc{shamir,
    title = {},
    howpublished =
    {\url{https://en.wikipedia.org/wiki/Shamir%27s_Secret_Sharing [distributed-rsa] -}}
    note = {Accessed: 2017-08-16}
}

@misc{enigma,
    title = {},
    howpublished =
    {\url{https://arxiv.org/pdf/1506.03471.pdf}}
    note = {Accessed: 2017-08-16}
}

@misc{viff,
    title = {},
    howpublished =
    {\url{http://viff.dk/}}
    note = {Accessed: 2017-08-16}
}

@misc{secretSharingDaos,
    title = {},
    howpublished =
    {\url{https://blog.ethereum.org/2014/12/26/secret-sharing-daos-crypto-2-0/}}
    note = {Accessed: 2017-08-16}
}

@misc{hawk,
    title = {},
    howpublished =
    {\url{http://download.xuebalib.com/xuebalib.com.27267.pdf}}
    note = {Accessed: 2017-08-16}
}

@misc{plasma,
    title = {},
    howpublished =
    {\url{https://plasma.io/ [prng-stackexchange] - https://ethereum.stackexchange.com/a/207}}
    note = {Accessed: 2017-08-16}
}

@misc{blockchainMultipartyComputation,
    title = {},
    howpublished =
    {\url{https://www.overleaf.com/articles/blockchain-multiparty-computation-markets-at-scale/mwjgmsyybxvw/viewer.pdf}}
    note = {Accessed: 2017-08-16}
}
