@misc{ethereumStackexchange,
    title = {{Ethereum StackExchange} Private Info on Ethereum},
    howpublished = {\url{https://ethereum.stackexchange.com/questions/2624/private-info-on-ethereum}},
    note = {Accessed: 2017-08-16}
}

@misc{confidentialTransactions,
    title = {Confidential Transactions},
    howpublished = {\url{https://people.xiph.org/~greg/confidential_values.txt}},
    author = {Maxwell, Greg}
}

@misc{confidentialTransactionsElements,
    title = {{The Elements Project} Confidential Transactions},
    howpublished = {\url{https://elementsproject.org/elements/confidential-transactions/}},
    note = {Accessed: 2017-08-16}
}

@inproceedings{bitcoinSmpc,
    title={Secure multiparty computations on bitcoin},
    author={Andrychowicz, Marcin and Dziembowski, Stefan and
        Malinowski, Daniel and Mazurek, Lukasz},
    booktitle={Security and Privacy (SP), 2014 IEEE Symposium
        on},
    pages={443--458},
    year={2014},
    organization={IEEE},
    url={\url{https://eprint.iacr.org/2013/784.pdf}}
}

@misc{spdz,
    title = {Multiparty computation with SPDZ online phase and MASCOT offline phase},
    howpublished = {\url{https://github.com/bristolcrypto/SPDZ-2}},
    note = {Accessed: 2017-08-16}
}

@article{civic,
    title = {Civic Whitepaper},
    url = {\url{https://tokensale.civic.com/CivicTokenSaleWhitePaper.pdf}},
    note = {Accessed: 2017-08-16}
}

@misc{privacyOnTheBlockchain,
    title = {Privacy on the Blockchain},
    author = {Buterin, Vitalik},
    howpublished = {\url{https://blog.ethereum.org/2016/01/15/privacy-on-the-blockchain/}},
    year = {2016},
    note = {Accessed: 2017-08-16}
}

@misc{bitcoinPrivacy,
    title = {Bitcoin's Privacy Gets 'Failing Grade' in 2016 Threat Report},
    author = {Higgins, Stan},
    howpublished = {\url{https://www.coindesk.com/bitcoins-privacy-2016-threat-report/}},
    note = {Accessed: 2017-08-16}
}

@inproceedings{coinparty,
    title={Coinparty: Secure multi-party mixing of bitcoins},
    author={Ziegeldorf, Jan Henrik and Grossmann, Fred and Henze,
        Martin and Inden, Nicolas and Wehrle, Klaus},
    booktitle={Proceedings of the 5th ACM Conference on Data and
        Application Security and Privacy},
    pages={75--86},
    year={2015},
    organization={ACM},
    url={\url{https://www.comsys.rwth-aachen.de/fileadmin/papers/2015/2015-ziegeldorf-codaspy-coinparty.pdf}}
}

@article{lightning,
    title = {The Bitcoin Lightning Network: Scalable Off-Chain Instant Payments},
    author = {Poon, Joseph and Dryja, Thaddeus},
    year = {2016},
    url = {\url{https://lightning.network/lightning-network-paper.pdf}},
    note = {Accessed: 2017-08-16, Draft Version 0.5.9.2}
}

@misc{smpcWiki,
    title = {Secure multi-party computation},
    howpublished = {\url{https://en.wikipedia.org/wiki/Secure_multi-party_computation#Definition_and_overview}},
    note = {Accessed: 2017-08-16}
}

@misc{shamir,
    title = {Shamir's Secret Sharing},
    howpublished = {\url{https://en.wikipedia.org/wiki/Shamir%27s_Secret_Sharing}},
    note = {Accessed: 2017-08-16}
}

@article{enigma,
    title={Enigma: Decentralized computation platform with
        guaranteed privacy},
    author={Zyskind, Guy and Nathan, Oz and Pentland, Alex},
    journal={arXiv preprint arXiv:1506.03471},
    year={2015},
    url={\url{https://arxiv.org/pdf/1506.03471.pdf}}
}

@misc{viff,
    title = {VIFF, the Virtual Ideal Functionality Framework},
    howpublished = {\url{http://viff.dk/}},
    note = {Accessed: 2017-08-16}
}

@misc{secretSharingDaos,
    title = {Secret sharing {DAOs}: crypto 2.0},
    howpublished = {\url{https://blog.ethereum.org/2014/12/26/secret-sharing-daos-crypto-2-0/}},
    note = {Accessed: 2017-08-16}
}

@inproceedings{hawk,
    title={Hawk: The blockchain model of cryptography and
        privacy-preserving smart contracts},
    author={Kosba, Ahmed and Miller, Andrew and Shi, Elaine and
        Wen, Zikai and Papamanthou, Charalampos},
    booktitle={Security and Privacy (SP), 2016 IEEE Symposium
        on},
    pages={839--858},
    year={2016},
    organization={IEEE},
    url={\url{http://download.xuebalib.com/xuebalib.com.27267.pdf}}
}

@article{plasma,
    title = {Plasma: Scalable Autonomous Smart Contracts},
    author={Poon, Joseph and Buterin, Vitalik},
    url = {\url{https://plasma.io/plasma.pdf}},
    note = {Accessed: 2017-08-16}
}

@article{blockchainMultipartyComputation,
    title={Blockchain Multiparty Computation Markets at Scale},
    author={Noyes, Charles},
    url={\url{https://www.overleaf.com/articles/blockchain-multiparty-computation-markets-at-scale/mwjgmsyybxvw/viewer.pdf}}
}

@misc{storj,
    title = {{Storj: A Peer-to-Peer Cloud Storage Network}},
    howpublished = {\url{https://storj.io/storj.pdf}},
    note = {Accessed: 2017-08-16}
}

@misc{filecoin,
    title = {{Filecoin: A Decentralized Storage Network}},
    howpublished = {\url{https://filecoin.io/filecoin.pdf}},
    note = {Accessed: 2017-08-16}
}

@misc{ethereumSharding,
    title = {On sharding blockchains},
    howpublished = {\url{https://github.com/ethereum/wiki/wiki/Sharding-FAQ}},
    note = {Accessed: 2017-08-16}
}

@misc{prngStackExchange,
    title = {{Ethereum StackExchange} How can I securely generate a
        random number in my smart contract?},
    howpublished = {\url{https://ethereum.stackexchange.com/a/207}},
    note = {Accessed: 2017-08-16}
}

@mastersthesis{mauland2009realizing,
    title={Realizing distributed RSA using secure multiparty
        computations},
    author={Mauland, Atle},
    year={2009},
    school={Institutt for telematikk}
}

@inproceedings{zerocash,
    title={Zerocash: Decentralized anonymous payments from bitcoin},
    author={Sasson, Eli Ben and Chiesa, Alessandro and Garman,
        Christina and Green, Matthew and Miers, Ian and Tromer,
        Eran and Virza, Madars},
    booktitle={Security and Privacy (SP), 2014 IEEE Symposium
        on},
    pages={459--474},
    year={2014},
    organization={IEEE}
}

@misc{zcash,
    title = {Zcash: All coins are created equal.},
    howpublished = {\url{https://z.cash/}},
    note = {Accessed: 2017-08-16}
}

@inproceedings{yao1982protocols,
    title={Protocols for secure computations},
    author={Yao, Andrew C},
    booktitle={Foundations of Computer Science, 1982. SFCS'08. 23rd Annual Symposium on},
    pages={160--164},
    year={1982},
    organization={IEEE}
}
